<?xml version = "1.0" encoding = "UTF-8"?><OAI-PMH xmlns="http://www.openarchives.org/OAI/2.0/" xmlns:xsi="http://www.w3.org/2001/XMLSchema-instance" xsi:schemaLocation="http://www.openarchives.org/OAI/2.0/ http://www.openarchives.org/OAI/2.0/OAI-PMH.xsd"><ListRecords><record><header><identifier>aleph-publish:004735103</identifier></header><metadata><record xmlns="http://www.ddb.de/professionell/mabxml/mabxml-1.xsd"><leader>00556vM2.01200024------h</leader><controlfield tag="LDR">00556vM2.01200024------h</controlfield><controlfield tag="FMT">MH</controlfield><datafield tag="001" ind1="-" ind2="1"><subfield code="a">HT011129226</subfield></datafield><datafield tag="002" ind1="a" ind2="1"><subfield code="a">19991111</subfield></datafield><datafield tag="003" ind1="-" ind2="1"><subfield code="a">20050301</subfield></datafield><controlfield tag="030">a|1uc||||||17</controlfield><datafield tag="036" ind1="a" ind2="1"><subfield code="a">FR</subfield></datafield><datafield tag="037" ind1="b" ind2="1"><subfield code="a">fre</subfield></datafield><controlfield tag="050">|||c||||||||||</controlfield><controlfield tag="051">m|||||||</controlfield><datafield tag="070" ind1="-" ind2="1"><subfield code="a">466</subfield></datafield><datafield tag="070" ind1="b" ind2="1"><subfield code="a">HBZ/Red</subfield></datafield><datafield tag="080" ind1="-" ind2="1"><subfield code="a">60</subfield></datafield><datafield tag="100" ind1="-" ind2="1"><subfield code="p">Conny de La Fay, Félix Jean Louis Eléonor &lt;&lt;de&gt;&gt;</subfield><subfield code="d">1789-1850</subfield><subfield code="9">(DE-588)172024730</subfield></datafield><datafield tag="101" ind1="-" ind2="1"><subfield code="p">LaFay, Félix Jean Louis Eléonor de Conny</subfield><subfield code="d">1789-1850</subfield></datafield><datafield tag="101" ind1="-" ind2="1"><subfield code="p">Conny, Félix Jean Louis Eléonor &lt;&lt;de&gt;&gt;</subfield><subfield code="d">1789-1850</subfield></datafield><datafield tag="101" ind1="-" ind2="1"><subfield code="p">Conny, Félix &lt;&lt;de&gt;&gt;</subfield><subfield code="d">1789-1850</subfield></datafield><datafield tag="331" ind1="a" ind2="1"><subfield code="a">&lt;&lt;La&gt;&gt; France sous le règne de la Convention</subfield></datafield><datafield tag="359" ind1="-" ind2="1"><subfield code="a">[Félix Jean Louis Eléonor de Conny de La Fay]</subfield></datafield><datafield tag="403" ind1="-" ind2="1"><subfield code="a">[Mikrofiche-Ausg.]</subfield></datafield><datafield tag="410" ind1="-" ind2="1"><subfield code="a">Paris</subfield></datafield><datafield tag="412" ind1="-" ind2="1"><subfield code="a">Le Normant [u.a.]</subfield></datafield><datafield tag="425" ind1="a" ind2="1"><subfield code="a">1820</subfield></datafield><datafield tag="433" ind1="-" ind2="1"><subfield code="a">XVI, 511 S.</subfield></datafield><datafield tag="610" ind1="-" ind2="1"><subfield code="a">Mikrofiche-Ausg.:</subfield></datafield><datafield tag="611" ind1="-" ind2="1"><subfield code="a">Hildesheim</subfield></datafield><datafield tag="613" ind1="-" ind2="1"><subfield code="a">Olms</subfield></datafield><datafield tag="619" ind1="-" ind2="1"><subfield code="a">[1993-1998]</subfield></datafield><datafield tag="619" ind1="a" ind2="1"><subfield code="a">1993</subfield></datafield><datafield tag="621" ind1="-" ind2="1"><subfield code="a">Fürstliche Bibliothek Corvey : Sachliteratur</subfield></datafield><datafield tag="634" ind1="a" ind2="1"><subfield code="a">3-487-26282-7</subfield></datafield><datafield tag="637" ind1="-" ind2="1"><subfield code="a">3 Mikrofiches</subfield></datafield><controlfield tag="SYS">004735103</controlfield><datafield tag="088" ind1=" " ind2=" "><subfield code="a">466</subfield><subfield code="b">93</subfield><subfield code="c">ZZVC1017-26282</subfield><subfield code="e">Normalausleihe</subfield></datafield></record></metadata></record></ListRecords></OAI-PMH>